<?xml version="1.0" encoding="UTF-8"?><collection xmlns="http://www.loc.gov/MARC21/slim"><record><leader>00697nam--2200205-i-4500</leader><controlfield tag="001">000015617</controlfield><controlfield tag="002">20161230</controlfield><controlfield tag="005">20161230201031</controlfield><controlfield tag="008">060222s1000------------r-----000-0-eng-d</controlfield><datafield ind1=" " ind2=" " tag="020"><subfield code="a">9027720630</subfield></datafield><datafield ind1=" " ind2=" " tag="040"><subfield code="a">IFIN-HH</subfield></datafield><datafield ind1=" " ind2=" " tag="080"><subfield code="a">524.1-77(061.3)</subfield></datafield><datafield ind1="1" ind2=" " tag="100"><subfield code="a">Hjellming, Robert</subfield></datafield><datafield ind1="1" ind2="0" tag="245"><subfield code="a">Radio stars</subfield><subfield code="b">Proceedings of a workshop on stellar continuum radio astronomy boulder, colorado, usa, 8-10 august 1984</subfield><subfield code="c">Robert m. hjellming, david m. gibson (eds.)</subfield></datafield><datafield ind1=" " ind2=" " tag="260"><subfield code="a">Dordrecht</subfield><subfield code="b">D.Reidel Publishing Company</subfield><subfield code="c">1985</subfield></datafield><datafield ind1=" " ind2=" " tag="300"><subfield code="a">X +411P</subfield></datafield><datafield ind1=" " ind2=" " tag="490"><subfield code="a">Astrophysics And Space Science Library</subfield><subfield code="v">Volume 116</subfield></datafield><datafield ind1="1" ind2=" " tag="700"><subfield code="a">Gibson, David M</subfield><subfield code="e">Ed</subfield></datafield><datafield ind1=" " ind2=" " tag="852"><subfield code="a">44737</subfield><subfield code="c">523</subfield></datafield><datafield ind1=" " ind2=" " tag="CAT"><subfield code="a">Sys</subfield><subfield code="c">20130830</subfield><subfield code="h">112227</subfield></datafield></record></collection>